@techreport{prespecialisation,
  title = {Point and Control with Gestures in a Smart Home},
  year = {2015},
  author = {Jens Emil Gydesen and Kasper Lind Sørensen and Simon Binderup Støvring},
  institution = {Aalborg University}
}

@article{bluetooth2010bluetooth_vol_0,
  volume = {0},
  title={Master Table of Contents \& Compliance Requirements},
  date={2010},
  crossref = {bluetooth2010bluetooth_7_vol}
}

@article{bluetooth2010bluetooth_vol_1,
  volume = {1},
  title={Architecture \& Terminology Overview},
  date={2010},
  crossref = {bluetooth2010bluetooth_7_vol}
}

@article{bluetooth2010bluetooth_vol_2,
  volume = {2},
  title={Core System Package \[BR/EDR Controller volume\]},
  date={2010},
  crossref = {bluetooth2010bluetooth_7_vol}
}

@article{bluetooth2010bluetooth_vol_3,
  volume = {3},
  title={Core System Package \[Host volume\]},
  date={2010},
  crossref = {bluetooth2010bluetooth_7_vol}
}

@article{bluetooth2010bluetooth_vol_4,
  volume = {4},
  title={Host Controller Interface \[Transport Layer\]},
  date={2010},
  crossref = {bluetooth2010bluetooth_7_vol}
}

@article{bluetooth2010bluetooth_vol_5,
  volume = {5},
  title={Core System Package \[AMP Controller volume\]},
  date={2010},
  crossref = {bluetooth2010bluetooth_7_vol}
}

@article{bluetooth2010bluetooth_vol_6,
  volume = {6},
  title={Core System Package \[Low Energy Controller volume\]},
  date={2010},
  crossref = {bluetooth2010bluetooth_7_vol}
}

@article{bluetooth2010bluetooth_7_vol,
  title={The bluetooth core specification, v4. 0},
  author={Bluetooth, SIG},
  journal={Bluetooth SIG: San Jose, CA, USA},
  year=2010,
  volumes=7
}
  
@misc{pebble:accelerometer,
  author = {Pebble},
  title = {AccelerometerService // Pebble Developers},
  note = {\url{https://developer.pebble.com/docs/c/Foundation/Event_Service/AccelerometerService/}}
}

@misc{samsung:gears2,
  author = {Samsung},
  title = {Samsung Gear S2 - The Official Samsung Site},
  note = {\url{http://www.samsung.com/global/galaxy/gear-s2/#!/spec}}
}

@misc{android:creating-wearable-apps,
  author = {Google},
  title = {Creating Wearable Apps},
  note = {\url{https://developer.android.com/training/wearables/apps/index.html}}
}

@misc{android:bluetooth,
  author = {Google},
  title = {Bluetooth},
  note = {\url{http://developer.android.com/guide/topics/connectivity/bluetooth.html}}
}

@misc{android:motion-sensors,
  author = {Google},
  title = {Motion Sensors},
  note = {\url{http://developer.android.com/guide/topics/sensors/sensors_motion.html}}
}

@misc{motorola:moto360,
  author = {Motorola},
  title = {Moto 360},
  note = {\url{http://www.motorola.com/us/products/moto-360}}
}

@misc{tizen:bluetooth,
  author = {Tizen},
  title = {Bluetooth: Managing Bluetooth Devices},
  note = {\url{https://developer.tizen.org/development/tutorials/native-application/network/bluetooth}}
}

@misc{tizen:sensors,
  author = {Tizen},
  title = {Sensor: Using Sensors and Managing Sensor Events},
  note = {\url{https://developer.tizen.org/development/tutorials/native-application/system/sensor}}
}

@misc{microsoft:band-sdk,
  author = {Microsoft},
  title = {Get started with the Microsoft Band SDK},
  note = {\url{http://developer.microsoftband.com/bandSDK}}
}

@misc{microsoft:band-sdk-documentation,
  author = {Microsoft},
  title = {Microsoft Band SDK Documentation},
  note = {\url{http://developer.microsoftband.com/Content/docs/Microsoft%20Band%20SDK.pdf}}
}

@misc{openhab:introduction,
  author = {OpenHAB},
  title = {What is openHAB?},
  note = {\url{http://www.openhab.org/features/introduction.html}}
}

@misc{raspberrypi:zero,
  author = {Eben Upton},
  year = {2015},
  title = {Raspberry {P}i {Z}ero: The \$5 {C}omputer},
  note = {\url{https://www.raspberrypi.org/blog/raspberry-pi-zero/}}
}

@misc{openhab:hardware,
  author = {OpenHab},
  title = {OpenHAB Hardware FAQ},
  note = {\url{https://github.com/openhab/openhab/wiki/Hardware-FAQ}}
}

@misc{danmarksstatistik:housing-types,
  title = {BOL103, Boliger efter område, beboertype, anvendelse, antal værelser, boligstørrelse i kvm. og husstandsstørrelse},
  author = {Danmarks Statistik},
  note = {\url{http://www.statistikbanken.dk/10064}}
}

@article{previous-report,
  author = {Jens Emil Gydesen and Kasper Lind Sørensen and Simon Binderup Støvring},
  title = {Point and Control with Gestures in a Smart home},
  date = {2015}
}

@InProceedings{HOMEPORT10,
  Title                    = {The HomePort System},
  Author                   = {Bronsted, J. and Madsen, P.P. and Skou, A. and Torbensen, R.},
  Booktitle                = {Consumer Communications and Networking Conference (CCNC), 2010 7th IEEE},
  Year                     = {2010},
  Month                    = {Jan},
  Pages                    = {1-5},
  DOI                      = {10.1109/CCNC.2010.5421606},
  Keywords                 = {home automation;middleware;architectural design;control algorithms;distributed middleware system;energy resources optimal exploitation;home automation;homeport system;residential gateways;Communication system control;Computer science;Control systems;Home computing;Lighting control;Middleware;Security;Temperature control;Wireless application protocol;ZigBee}
}

@Misc{homeport:github,
  Title = {HomePort},
  note = {\url{https://github.com/home-port/HomePort}}
}

@Misc{SMARTTHINGS,
  Title                    = {Smart Home. Intelligent Living.},
  Author                   = {SmartThings Inc.},
  Note                     = {\url{http://www.smartthings.com/}},
  Year                     = {2015}
}

@Misc{OPENHAB,
  Title                    = {openHAB},
  Author                   = {openHAB UG},
  Note                     = {\url{http://www.openhab.org/}},
  Year                     = {2015}
}

@Misc{openhab:maintainers,
  Title                    = {openHAB Maintainer Group},
  Author                   = {openHAB UG},
  Note                     = {\url{https://community.openhab.org/groups/maintainer/members}},
  Year                     = {2016}
}

@Misc{openhab:community,
  Title                    = {openHAB Community Forum},
  Author                   = {openHAB UG},
  Note                     = {\url{https://community.openhab.org/}},
  Year                     = {2016}
}

@Misc{openhab:supported-technologies,
  Title                    = {openHAB Supported Technologies},
  Author                   = {openHAB UG},
  Note                     = {\url{http://www.openhab.org/features/supported-technologies.html}},
  Year                     = {2016}
}